1507 2572
631 41 657 79 J
662 40 821 80 UVEN
823 40 951 80 ALIS

151 44 171 78 Ι»

181 42 194 78 t—⁴

206 42 226 78 ¹0

345 147 385 184 Si
402 146 546 184 vivunt
567 147 729 185 omnes?
787 148 895 197 Ergo
916 147 1042 186 acrior
1060 147 1244 199 impetus,
1266 150 1306 186 et
1320 147 1404 199 jam

345 203 451 240 Saxa
469 202 668 240 inclinatis
689 216 757 254 per
776 203 940 240 humum
961 203 1138 254 quaesita
1156 202 1312 242 lacertis

343 257 547 308 Incipiunt
567 265 761 309 torquere,
783 258 999 296 domestica
1019 259 1206 297 seditioni
1390 267 1434 298 64

344 313 437 351 Tela
453 328 460 359 ;
482 326 552 351 nec
572 313 677 350 hunc
694 313 872 364 lapidem,
889 313 1022 365 quales
1035 316 1075 352 et
1088 314 1246 353 Turnus
1261 318 1301 353 et
1314 313 1434 366 Ajax,

344 368 417 406 Vel
438 383 514 419 quo
536 368 708 419 Tydides
728 369 921 419 percussit
940 369 1109 420 pondere
1129 383 1270 408 coxam

344 424 523 470 Aeneae3
554 423 620 461 sed
641 437 756 474 quem
778 423 935 462 valeant
956 424 1135 463 emittere
1155 424 1314 463 dextrae

345 479 431 517 Illis
452 478 672 525 dissimiles,
695 482 734 516 et
755 482 888 517 nostro
910 482 1085 530 tempore
1104 483 1230 519 natae.

342 534 448 571 Nam
471 548 594 585 genus
610 534 682 571 hoc
704 534 797 572 vivo
811 534 894 584 jam
915 535 1160 573 decrescebat
1180 535 1369 574 Homero.

345 590 463 627 Terra
484 589 605 627 malos
626 589 802 627 homiues
822 603 927 628 nunc
948 591 1089 628 educat
1110 594 1228 642 atque
1247 589 1419 642 pusillos.

343 645 452 695 Ergo
468 644 575 690 deus,
597 645 830 695 quicumque
851 645 1042 696 adspexit,
1063 646 1165 684 ridet
1185 648 1225 684 et
1246 645 1341 684 odit.
1391 654 1432 687 71

156 698 289 743 '¹J<·¹¹1>‘¹‘2¹
398 702 435 737 A
456 700 696 737 deverticulo
718 703 921 750 repetatur
940 700 1083 739 fabula.
1144 700 1362 752 Postquam

153 746 246 807 :si'JJJJJ
343 755 534 792 Subsidiis
555 755 675 802 aucti,
697 769 787 806 pars
807 755 930 794 altera
949 769 1125 807 promere
1144 756 1290 794 ferrum

228 804 233 807 ⁷
344 811 490 857 Audet,
511 814 551 848 et
571 810 724 848 infestis
744 824 917 861 pugnam
937 811 1157 850 instaurare
1178 811 1359 862 sagittis;

344 866 470 916 Terga
491 865 608 916 fugae
628 866 742 904 celeri
761 867 1056 917 praestantibus
1076 867 1269 913 omnibus,
1282 866 1435 905 instant

343 921 421 968 Qui
442 920 573 959 vicina
593 921 728 959 colunt
749 921 954 960 umbrosae
975 922 1152 974 Tentyra
1171 922 1336 973 palmae.
1394 930 1435 964 76

155 975 272 1004 Meian-
341 976 509 1014 Labitur
528 976 592 1014 hic
613 977 786 1027 quidam,
808 977 932 1016 nimia
950 977 1158 1016 formidine
1178 990 1336 1016 cursum

150 1015 318 1094 giiss'llzrffffoe
343 1032 625 1083 Praecipitans,
657 1032 913 1084 capiturque:
950 1038 1012 1071 ast
1045 1032 1158 1071 issum
1188 1032 1230 1071 in
1259 1031 1435 1084 plurima

150 1106 249 1126 somer.
451 1091 603 1125 sectum

339 1142 486 1180 Frusta
505 1156 548 1180 ac
569 1142 797 1193 particulas,
819 1145 865 1180 ut
886 1142 1024 1181 multis
1043 1145 1226 1182 mortuus
1245 1157 1348 1182 unus

341 1198 557 1244 Sufficeret,
579 1201 713 1236 totum
735 1198 899 1236 corrosis
919 1198 1070 1237 ossibus
1091 1198 1171 1237 edit
1394 1207 1435 1237 80

338 1252 493 1291 Victrix
514 1253 654 1291 turba:
684 1266 754 1291 nee
775 1253 928 1292 ardenti
948 1253 1103 1293 decoxit
1124 1256 1220 1292 aeuo

337 1308 425 1345 Aut
434 1308 602 1346 verubus
612 1325 620 1355 ;
634 1308 796 1360 longum
804 1322 927 1360 usque
935 1309 1029 1348 adeo
1036 1309 1270 1361 tardumque
1277 1309 1435 1361 putavit

340 1363 584 1414 Exspectare
604 1364 721 1411 focos,
745 1368 933 1402 contenta
952 1364 1143 1403 cadavere
1165 1365 1297 1403 crudo.

145 1421 307 1461 'l'houghts
342 1419 444 1468 (Hic
465 1419 634 1470 gaudere
655 1418 764 1467 libet,
785 1420 891 1471 quod
909 1433 986 1459 non
1008 1419 1217 1459 violaverit
1233 1420 1380 1472 ignem,

181 1560 229 1590 «52.
246 1561 364 1600 ‹iet-ior]
384 1562 448 1591 sub.
469 1564 486 1576 “
499 1562 566 1591 fit.''
811 1567 907 1599 stone,
924 1573 984 1592 was
1000 1564 1129 1600 Aeneas,
1144 1562 1219 1593 with
1234 1562 1337 1592 whom
1358 1562 1435 1593 Dio-

181 1601 227 1630 (55.
255 1601 391 1640 Turnus]
415 1602 472 1631 See
496 1604 576 1631 Aen.
599 1603 654 1632 xii.
671 1602 769 1632 896—
810 1604 880 1633 mcd
896 1614 956 1633 was
971 1603 1108 1643 fighting.

142 1640 210 1676 ³⁸02,
239 1643 256 1656 ‘¹
270 1652 377 1671 saxum
406 1643 615 1681 circumspicit
651 1645 768 1681 ingens,
851 1643 913 1683 69]
954 1643 1012 1673 See
1028 1643 1086 1673 last
1100 1648 1182 1673 note.

141 1683 258 1710 Saxum
294 1683 468 1721 antiquum,
506 1685 624 1722 ingens,
660 1693 767 1722 campo
849 1683 897 1715 71.
919 1684 999 1713 ridet
1011 1688 1039 1714 et
1053 1683 1129 1720 odit]
1143 1685 1162 1713 i.
1174 1693 1199 1712 e.
1216 1683 1335 1713 derides
1351 1683 1435 1714 them

142 1722 222 1759 quod
244 1722 322 1752 forte
342 1723 472 1761 jacebat,
496 1723 600 1752 Limes
623 1734 693 1762 agro
715 1734 767 1762 po-
808 1734 841 1753 as
870 1724 1037 1762 ⁴⁶pusilli,''
1067 1724 1127 1754 and
1161 1723 1247 1754 hates
1282 1724 1369 1754 them
1403 1734 1436 1754 as

140 1763 224 1795 situs,
240 1761 327 1792 litem
344 1769 378 1792 ut
392 1763 575 1792 discerneret
590 1766 686 1793 arvis:
706 1763 768 1793 vix
810 1767 828 1778 ‘⁴
839 1763 945 1794 mali.'’
962 1766 979 1778 “
994 1764 1073 1802 Very
1087 1763 1169 1794 little
1183 1764 1243 1793 and
1259 1774 1331 1803 very
1346 1764 1435 1794 bad.''

141 1801 217 1831 illud
236 1802 307 1832 lecti
329 1803 374 1832 bis
393 1813 445 1832 sex
469 1804 588 1832 cervice
615 1804 764 1841 subirent,
847 1803 894 1834 72.
918 1803 1111 1842 deverticulo]
1126 1806 1144 1818 ‘⁴
1157 1804 1355 1842 digression.’'

140 1841 250 1877 Qualia
266 1853 348 1872 nunc
365 1843 527 1872 hominum
544 1843 685 1883 producit
701 1854 766 1873 cor·
847 1843 895 1875 73.
912 1845 1007 1882 aucti]
1023 1844 1091 1874 sub.
1111 1846 1130 1859 ‘⁵
1144 1843 1302 1874 fuerunt.''

139 1892 208 1919 pora
230 1882 336 1918 tellus;
361 1883 421 1912 Ille
444 1894 536 1913 manu
558 1889 681 1922 raptum
706 1891 764 1913 tre·
848 1885 888 1914 ib.
900 1895 979 1923 pars
993 1884 1108 1924 altera]
1155 1884 1221 1914 The
1237 1884 1420 1924 Tentyrites.

138 1922 207 1959 pida
222 1924 383 1961 torquebat
399 1924 431 1952 in
446 1923 598 1953 hostem.''
846 1924 893 1955 75.
910 1924 1058 1964 omnibus]
1101 1924 1168 1954 The
1183 1923 1331 1963 Coptites.

178 1963 216 1991 ib.
241 1962 338 2002 Ajcm]
359 1963 418 1993 See
441 1963 537 1993 Hom.
563 1963 604 1992 11.
626 1964 677 1994 vii.
695 1963 764 2000 268,
847 1964 893 1995 76.
916 1963 1432 2004 vicina—umbrosae—palmae]

136 2001 204 2034 261³.
234 2003 394 2040 Δεύτερος
420 2003 494 2033 αὖτ’
518 2003 602 2033 Αἴας
631 2004 666 2042 (i.
683 2015 709 2034 e.
733 2007 764 2034 in
806 2005 977 2034 “bounded
999 2005 1039 2043 by
1055 2004 1118 2044 (lit.
1136 2005 1299 2044 bordei-ing
1318 2004 1374 2044 on)
1390 2005 1432 2034 its

135 2041 182 2070 liis
197 2050 316 2072 contest
331 2043 405 2072 with
424 2043 556 2082 Hector)
579 2045 670 2074 πολὺ
693 2046 762 2081 μεί-
805 2045 948 2083 shadowy
963 2044 1200 2084 palm—groves.¹'

135 2084 211 2118 ζονα
227 2083 314 2112 λᾶαν
329 2083 452 2120 ἀείρας,
468 2083 520 2120 ἦκ’
535 2084 738 2119 ἐπιδινήσας.
843 2084 971 2114 84--86,
1001 2083 1244 2125 ignem—terris]
1275 2085 1317 2115 So
1353 2085 1430 2115 Hor.

173 2122 220 2160 b'b',
245 2122 290 2153 67.
318 2122 461 2162 Tydides]
483 2124 541 2153 See
564 2123 604 2153 ΙΙ.
619 2134 648 2154 V.
664 2123 763 2154 302-
805 2125 864 2155 Od.
880 2126 900 2155 i.
918 2124 945 2155 3.
966 2124 1016 2159 27,
1035 2124 1085 2160 28,
1102 2126 1242 2154 “Audax
1264 2125 1361 2164 Iapeti
1383 2135 1437 2164 ge-

131 2161 201 2197 2305,
227 2161 262 2191 ‘O
286 2163 318 2192 δὲ
350 2163 528 2202 χερμάδιον
557 2164 642 2200 λα’βε
673 2165 759 2203 χειρὶ
802 2175 861 2194 nus
877 2165 984 2203 Ignem
1001 2166 1107 2195 fraude
1122 2165 1205 2195 mala
1219 2166 1362 2203 gentibus
1381 2167 1432 2195 in·

130 2203 295 2237 Τυδείδης,
311 2203 398 2240 μέγα
423 2203 531 2242 ἔργον,
549 2202 568 2233 ὃ
590 2206 626 2233 οὺ
649 2204 704 2234 δύο
727 2204 761 2243 γ’
802 2205 908 2235 tulit.”
954 2205 1022 2234 The
1050 2205 1130 2235 theft
1157 2206 1193 2235 of
1216 2205 1433 2242 Prometheus,

129 2242 228 2277 (ἕνόρε
245 2243 389 2280 φέροιεν,
403 2244 469 2273 οἷοι
485 2244 538 2273 νῦν
549 2244 671 2281 βροτοί
684 2245 759 2274 εἰσι.
801 2246 860 2274 and
876 2246 916 2275 its
925 2255 1159 2284 consequences,
1171 2256 1222 2275 are
1233 2245 1305 2275 well
1316 2246 1431 2275 known

134 2282 227 2322 virgil
246 2283 298 2312 has
313 2283 417 2322 copied
434 2283 495 2312 this
511 2284 541 2312 in
564 2284 616 2313 the
637 2290 756 2314 extract
797 2286 877 2314 from
894 2287 946 2315 the
962 2286 1086 2324 tragedy
1097 2286 1131 2315 of
1146 2285 1329 2326 Aeschylus.
1371 2285 1431 2316 See

128 2324 223 2353 above
251 2325 350 2362 given.
394 2323 459 2353 The
482 2325 610 2353 sufferer
632 2325 671 2363 by
694 2324 755 2354 this
797 2325 900 2356 Prom.
916 2326 1020 2355 Vinct.
1035 2325 1204 2357 251-254.
