1507 2572
630 56 951 97 JUVENALIS

341 166 473 213 Quum
490 169 629 205 tenues
646 182 768 218 nuper
785 168 941 206 Marius
957 166 1188 206 discinxerit]
1207 166 1433 220 Afros?)—-

342 222 569 260 Curandum
591 224 630 260 in
651 223 799 274 primis,
821 237 869 260 ne
889 237 1034 273 magna
1052 223 1194 275 injuria
1215 223 1284 262 fiat>
1372 232 1430 262 121

339 277 529 316 Fortibus
563 282 602 316 et
634 279 797 317 miseris.
869 278 999 316 Tollas
1040 278 1132 317 licet
1172 292 1298 327 omne,
1328 279 1432 330 quod

448 347 615 384 usquam
636 338 695 372 est

338 388 439 425 Auri
454 392 571 439 atque
587 388 739 439 argenti
757 405 764 435 3
789 391 946 426 scutum
960 388 1212 440 gladiumque
1225 388 1345 440 relinq-
1352 402 1431 436 ues²
1458 414 1465 421 -

28 457 226 499 Wlfflin..
240 473 269 487 m
311 436 396 492 [Et
411 443 544 495 *flexu—la
565 450 604 482 et
625 444 776 495 galeam
798 459 806 482 ε
837 444 1014 494 spoliatis
1035 457 1143 482 arma
1163 440 1398 495 supersunt]

0 531 7 537 2
71 499 455 553 <stem...JQQQuod
473 499 586 537 inodo
600 499 797 550 proposui,
811 513 887 537 non
902 502 961 537 est
978 499 1194 537 sententia:
1218 513 1353 537 verum
1368 507 1430 538 125

341 554 498 592 Credite
518 568 579 592 me
603 554 712 592 vobis
735 555 871 591 folium
892 555 1053 592 recitare
1075 554 1257 606 Sibyllae.

340 609 379 646 Si
402 609 473 646 tibi
496 614 632 647 sancta
652 610 788 648 cohors
809 609 1011 657 comitum,
1033 609 1063 647 si
1085 624 1199 647 nemo
1220 609 1393 648 tribunal

340 664 486 701 Vendit
507 666 792 711 Acersecomes,
807 665 838 702 si
860 664 1010 703 nullum
1032 665 1072 702 in
1093 665 1257 716 conjuge
1271 665 1428 710 crimen,

339 719 425 757 Nec
446 733 514 770 per
534 726 749 758 conventus
771 734 840 758 nec
861 724 1004 758 cuncta
1024 735 1092 771 per
1111 720 1254 771 oppida
1275 720 1403 758 curvis

338 774 551 825 Unguibus
571 776 625 813 ire
648 779 758 826 parat
779 789 918 814 numos
939 780 1101 826 raptura
1115 775 1298 814 Celaeno:

340 830 451 878 'ch
472 830 565 868 licet
586 844 608 868 a
630 831 723 869 Pico
744 845 924 869 numeres
944 845 1082 882 genus,
1104 831 1262 882 altaque
1284 830 1315 868 si
1336 834 1376 868 te

1369 784 1431 814 130

336 885 514 923 Nomina
534 886 743 933 delectant,
764 900 919 924 omnem
941 887 1127 924 Titanida
1148 899 1322 938 pugnam

340 940 452 978 Inter
473 941 637 992 majores
659 942 865 993 ipsumque
887 942 1124 980 Promethea
1143 955 1264 992 ponas
1283 956 1292 979 z

336 994 400 1033 De
421 1011 668 1048 quocumque
689 997 796 1034 voles
818 1010 1008 1047 proavum
1027 997 1103 1035 tibi
1123 997 1269 1034 sumito
1290 996 1400 1034 libro.

337 1052 451 1097 Quod
469 1052 499 1089 si
516 1053 767 1103 praecipitem
784 1052 888 1102 rapit
907 1053 1069 1090 ambitio
1086 1056 1201 1103 atque
1217 1052 1350 1098 libid0‚
1369 1059 1430 1091 135

338 1107 378 1143 Si
401 1108 549 1158 frangis
571 1108 702 1158 virgas
724 1107 918 1145 sociorum
939 1108 979 1145 in
1002 1108 1205 1159 sanguine,
1228 1107 1260 1145 si
1279 1112 1320 1146 te

336 1161 549 1200 Delectant
569 1163 728 1201 hebetes
750 1163 850 1201 lasso
871 1163 1008 1201 lictore
1029 1177 1180 1201 secures
1201 1180 1210 1209 ;

338 1217 488 1268 Incipit
508 1217 682 1269 ipsorum
704 1224 842 1257 contra
861 1222 901 1256 te
922 1222 1025 1256 stare
1046 1221 1253 1269 parentum

184 1363 248 1393 ΠΟ.
272 1364 386 1402 tenues]
412 1364 548 1403 “poor.''
589 1365 654 1394 The
679 1366 759 1395 word

142 1403 166 1433 is
182 1404 355 1443 frequently
374 1406 444 1433 used
463 1406 493 1434 in
512 1406 571 1435 this
586 1416 680 1435 sense.

182 1445 221 1473 ib.
245 1445 428 1482 discinoeerit]
451 1448 468 1458 ‘⁵
484 1445 692 1484 plu11‹le1·ed;''
714 1445 760 1475 lit.

142 1484 312 1523 ungirdled.
332 1485 635 1524 The⁴zona'usually
646 1486 761 1515 formed

142 1526 194 1553 the
217 1535 324 1563 purse:
362 1527 379 1540 ‘¹
395 1526 456 1554 Ibit
484 1537 519 1555 eo
549 1537 608 1565 quo
632 1527 687 1561 vis,
710 1528 762 1565 qui

140 1574 248 1633 zssnam
278 1566 440 1604 perdidit,''
473 1567 549 1596 Hor.
583 1567 639 1606 Ep.
670 1567 701 1596 ii.
732 1566 760 1597 ’2.

183 1643 247 1674 126.
262 1644 569 1684 folium—Sibyllae]
608 1646 665 1676 See
680 1647 763 1685 Virg.

141 1685 222 1714 Aen.
239 1686 284 1715 iii.
302 1686 370 1721 445,
385 1689 403 1701 “
418 1687 626 1726 Quaecunque
639 1689 670 1716 in
682 1687 766 1716 foliis

139 1725 297 1764 descripsit
318 1728 453 1756 carmina
475 1728 566 1763 virgo,
590 1728 711 1765 Digerit
733 1728 763 1756 in
807 1746 825 1758 «ι

140 1767 336 1795 numerum.''
380 1770 397 1781 ⁸*
411 1764 573 1796 Sententia
586 1767 604 1777 '³
618 1768 648 1796 in
663 1767 681 1796 l.
698 1766 764 1797 1⁵25.

141 1806 168 1834 is
193 1807 337 1845 “private
360 1807 558 1846 ju(lgment.”
603 1807 668 1837 The
684 1809 764 1837 word

142 1845 224 1875 often
241 1856 345 1875 means
368 1854 385 1860 ‘⁵
396 1858 412 1876 a
428 1847 591 1877 rhetorical
608 1858 765 1877 common-

140 1885 257 1924 place,''
287 1887 345 1916 and
369 1887 421 1916 has
452 1888 526 1917 been
556 1898 588 1917 so
618 1888 764 1917 rendered

141 1925 223 1955 here.
268 1925 329 1956 But
347 1929 368 1956 it
385 1927 482 1956 would
499 1928 577 1957 have
602 1927 661 1957 less
683 1928 764 1957 force

140 1975 173 1995 as
195 1967 323 2004 opposed
347 1974 377 1996 to
406 1967 458 1997 the
486 1971 504 1982 ⁴*
517 1978 623 1997 verum
653 1968 764 1997 folium

140 2005 311 2044 Sibyllae.”

184 2045 248 2077 127.
264 2045 380 2086 cohors]
397 2047 463 2077 The
475 2047 672 2086 propraetor's
682 2049 762 2085 staff,

141 2086 241 2115 either
262 2086 336 2115 civil
360 2098 393 2116 01·
414 2088 560 2126 military.
618 2089 659 2118 So
684 2089 759 2118 Hor.

140 2125 203 2156 Sat.
221 2127 240 2155 i.
257 2125 285 2156 7.
301 2126 350 2163 23,
374 2127 509 2157 “laudat
534 2128 676 2161 Brutum,
700 2129 764 2157 lau—

141 2167 253 2205 datque
268 2166 456 2197 cohortem.”
501 2169 572 2197 And
587 2179 618 2197 so
630 2169 684 2207 Ep.
699 2169 720 2198 i.
735 2169 764 2198 8.

143 2205 190 2242 14,
203 2208 222 2221 ⁴‘
234 2207 275 2236 Ut
289 2206 520 2245 placeatjuveni
534 2209 687 2246 (Tiberio)
700 2219 764 2248 per-

139 2251 272 2282 contare,
283 2252 378 2285 utque
388 2248 536 2277 col10rti.''
556 2248 590 2276 In
603 2249 664 2277 this
676 2259 763 2278 sense

140 2287 166 2316 it
187 2287 241 2316 has
264 2287 379 2316 formed
397 2298 454 2317 our
476 2290 493 2302 “
508 2288 628 2317 court.''
670 2289 763 2318 “Co-

139 2328 254 2356 mitum
264 2326 283 2339 ''
300 2337 358 2356 was
372 2328 546 2367 frequently
562 2329 700 2358 omitted.

844 1365 885 1395 ib.
908 1364 1056 1404 tribunal]
1106 1364 1164 1395 See
1180 1371 1252 1396 note
1267 1376 1305 1395 on
1321 1366 1383 1396 Sat.
1401 1376 1430 1396 x.

804 1405 851 1435 35.

847 1445 912 1475 128.
936 1446 1156 1486 Acersecomes]
1199 1445 1318 1476 Transl.
1354 1447 1374 1461 “
1387 1446 1431 1476 fa-

804 1485 954 1516 vom-ite.''

847 1525 911 1556 129.
949 1526 1120 1565 conventus]
1183 1527 1330 1556 Districts
1364 1527 1430 1556 into

804 1566 903 1595 which
920 1566 971 1596 the
987 1568 1144 1604 provinces
1157 1577 1233 1596 were
1245 1567 1370 1597 divided
1384 1567 1431 1596 for

808 1607 860 1636 the
875 1607 1118 1636 administration
1135 1607 1299 1646 ofjustice.

850 1646 914 1676 131.
948 1658 968 1676 a
996 1647 1221 1686 Pico—ymas]
1266 1647 1324 1677 See
1344 1647 1429 1686 Virg.

808 1688 888 1717 Aen.
905 1687 955 1716 vii.
972 1686 1110 1716 45-49:

973 1744 1041 1773 Rex
1056 1754 1126 1773 arva
1142 1743 1272 1774 Latinus
1287 1749 1318 1774 et
1338 1744 1430 1774 urbes

847 1783 921 1813 Jam
937 1786 1037 1813 senior
1052 1784 1142 1823 longa
1166 1785 1297 1824 placidas
1311 1785 1344 1814 in
1359 1795 1430 1824 pace

886 1825 1019 1862 regebat.

847 1864 941 1893 Hunc
958 1864 1065 1894 Fauno
1081 1870 1111 1893 et
1132 1865 1268 1904 nympha
1289 1865 1427 1904 genitum

886 1904 1040 1934 Laurente
1054 1904 1170 1935 Marica

849 1944 1040 1983 Accipimus;
1064 1945 1172 1974 Fauno
1189 1945 1281 1975 Picus
1295 1945 1413 1984 pater.''

804 2007 870 2036 The
884 2009 1029 2047 meaning
1043 2009 1079 2044 is,
1096 2010 1115 2023 ‘⁴
1128 2009 1165 2038 be
1180 2008 1379 2048 aboriginal.''

846 2047 910 2077 132.
922 2050 1225 2088 omnem—puynam]
1244 2049 1321 2079 “the
1330 2048 1429 2079 whole

805 2088 896 2117 Titan
923 2099 1009 2126 army
1021 2088 1050 2124 ;''
1072 2090 1092 2118 i.
1110 2099 1135 2119 e.
1152 2089 1195 2119 all
1224 2089 1291 2118 who
1319 2089 1427 2128 fought

806 2129 923 2166 against
937 2129 1025 2158 Jove.
1069 2129 1134 2159 The
1155 2130 1286 2159 abstract
1308 2130 1333 2159 is
1355 2129 1427 2159 used

805 2169 853 2197 for
868 2169 918 2198 the
934 2173 1084 2204 concrete,
1099 2172 1106 2184 ⁶
1117 2169 1305 2209 pugnantes.'

848 2207 913 2237 133.
936 2208 1135 2248 Promethea]
1180 2211 1225 2239 As
1247 2209 1299 2239 the
1320 2209 1428 2239 makei-

804 2249 839 2278 of
857 2249 909 2278 the
924 2249 990 2278 first
1004 2260 1084 2280 man.
1128 2250 1186 2280 See
1208 2255 1279 2279 note
1300 2260 1339 2279 on
1360 2249 1424 2280 Sat.

803 2289 842 2318 iv.
863 2289 928 2319 133.

845 2328 912 2367 136,
933 2329 1053 2368 virgas]
1077 2329 1134 2360 See
1149 2329 1170 2360 l.
1186 2328 1235 2367 23,
1250 2330 1309 2360 and
1325 2334 1405 2360 note.
