<?xml version="1.0" encoding="UTF-8"?>
<!DOCTYPE html PUBLIC "-//W3C//DTD XHTML 1.0 Transitional//EN"
    "http://www.w3.org/TR/xhtml1/DTD/xhtml1-transitional.dtd">
<html xmlns="http://www.w3.org/1999/xhtml" xml:lang="en" lang="en">
 <head>
  <title>
</title>
<meta http-equiv="Content-Type" content="text/html;charset=utf-8" />
  <meta name='ocr-system' content='tesseract 3.04.00' />
  <meta name='ocr-capabilities' content='ocr_page ocr_carea ocr_par ocr_line ocrx_word'/>
</head>
<body>
  <div class='ocr_page' id='page_1' title='image "./satiraexvi00juveuoft_0071.png"; bbox 0 0 1523 2572; ppageno 0'>
   <div class='ocr_carea' id='block_1_1' title="bbox 320 61 1414 130">
    <p class='ocr_par' dir='ltr' id='par_1_1' title="bbox 320 61 1414 130">
     <span class='ocr_line' id='line_1_1' title="bbox 320 61 1414 130; baseline 0.027 -29"><span class='ocrx_word' id='word_1_1' title='bbox 320 61 527 106; x_wconf 80' lang='lat' dir='ltr'><strong>SATIRA</strong></span> <span class='ocrx_word' id='word_1_2' title='bbox 556 68 606 108; x_wconf 92' lang='lat' dir='ltr'>V.</span> <span class='ocrx_word' id='word_1_3' title='bbox 671 72 913 116; x_wconf 79' lang='lat'>166—174:</span> <span class='ocrx_word' id='word_1_4' title='bbox 943 78 1018 119; x_wconf 80' lang='lat' dir='ltr'>VI.</span> <span class='ocrx_word' id='word_1_5' title='bbox 1054 82 1200 124; x_wconf 79' lang='lat'>1—17.</span> <span class='ocrx_word' id='word_1_6' title='bbox 1363 91 1414 130; x_wconf 88' lang='grc'>63</span> 
     </span>
    </p>
   </div>
   <div class='ocr_carea' id='block_1_2' title="bbox 565 438 954 498">
    <p class='ocr_par' dir='ltr' id='par_1_2' title="bbox 565 438 954 498">
     <span class='ocr_line' id='line_1_2' title="bbox 565 438 954 498; baseline 0.028 -11"><span class='ocrx_word' id='word_1_7' title='bbox 565 438 829 494; x_wconf 78' lang='lat' dir='ltr'><strong>SATIRA</strong></span> <span class='ocrx_word' id='word_1_8' title='bbox 862 447 954 498; x_wconf 87' lang='lat' dir='ltr'>VI.</span> 
     </span>
    </p>
   </div>
   <div class='ocr_carea' id='block_1_3' title="bbox 651 577 851 588">
    <p class='ocr_par' dir='ltr' id='par_1_3' title="bbox 651 577 851 588">
     <span class='ocr_line' id='line_1_3' title="bbox 651 577 851 588; baseline 0 1984"><span class='ocrx_word' id='word_1_9' title='bbox 651 577 851 588; x_wconf 95' lang='lat' dir='ltr'> </span> 
     </span>
    </p>
   </div>
   <div class='ocr_carea' id='block_1_4' title="bbox 661 616 845 652">
    <p class='ocr_par' dir='ltr' id='par_1_4' title="bbox 661 616 845 652">
     <span class='ocr_line' id='line_1_4' title="bbox 661 616 845 652; baseline 0.033 -6"><span class='ocrx_word' id='word_1_10' title='bbox 661 616 845 652; x_wconf 75' lang='lat' dir='ltr'>WOMEN.</span> 
     </span>
    </p>
   </div>
   <div class='ocr_carea' id='block_1_5' title="bbox 651 688 854 699">
    <p class='ocr_par' dir='ltr' id='par_1_5' title="bbox 651 688 854 699">
     <span class='ocr_line' id='line_1_5' title="bbox 651 688 854 699; baseline 0 1873"><span class='ocrx_word' id='word_1_11' title='bbox 651 688 854 699; x_wconf 95' lang='lat' dir='ltr'> </span> 
     </span>
    </p>
   </div>
   <div class='ocr_carea' id='block_1_6' title="bbox 73 761 1395 1894">
    <p class='ocr_par' dir='ltr' id='par_1_6' title="bbox 73 761 1395 1894">
     <span class='ocr_line' id='line_1_6' title="bbox 101 761 1259 841; baseline 0.03 -41"><span class='ocrx_word' id='word_1_12' title='bbox 101 761 170 794; x_wconf 79' lang='lat' dir='ltr'>The</span> <span class='ocrx_word' id='word_1_13' title='bbox 185 773 238 794; x_wconf 63' lang='lat'>⁵⁶²³</span> <span class='ocrx_word' id='word_1_14' title='bbox 352 769 478 811; x_wconf 84' lang='lat' dir='ltr'>Credo</span> <span class='ocrx_word' id='word_1_15' title='bbox 498 775 735 825; x_wconf 75' lang='lat' dir='ltr'>pudicitiam</span> <span class='ocrx_word' id='word_1_16' title='bbox 757 781 931 825; x_wconf 85' lang='lat' dir='ltr'>Saturno</span> <span class='ocrx_word' id='word_1_17' title='bbox 951 801 1045 841; x_wconf 87' lang='lat' dir='ltr'>rege</span> <span class='ocrx_word' id='word_1_18' title='bbox 1065 796 1259 834; x_wconf 83' lang='lat' dir='ltr'>moratam</span> 
     </span>
     <span class='ocr_line' id='line_1_7' title="bbox 93 804 1289 901; baseline 0.029 -45"><span class='ocrx_word' id='word_1_19' title='bbox 93 813 169 873; x_wconf 47' lang='lat' dir='ltr'>{32⁶3ss</span> <span class='ocrx_word' id='word_1_20' title='bbox 180 804 257 875; x_wconf 48' lang='grc' dir='ltr'>ξῗζθ</span> <span class='ocrx_word' id='word_1_21' title='bbox 290 824 341 863; x_wconf 90' lang='lat' dir='ltr'>In</span> <span class='ocrx_word' id='word_1_22' title='bbox 362 829 491 877; x_wconf 77' lang='lat' dir='ltr'>terris,</span> <span class='ocrx_word' id='word_1_23' title='bbox 514 830 720 885; x_wconf 84' lang='lat' dir='ltr'>visamque</span> <span class='ocrx_word' id='word_1_24' title='bbox 740 836 819 886; x_wconf 91' lang='lat' dir='ltr'>diu,</span> <span class='ocrx_word' id='word_1_25' title='bbox 842 854 964 891; x_wconf 88' lang='lat' dir='ltr'>quum</span> <span class='ocrx_word' id='word_1_26' title='bbox 986 846 1129 898; x_wconf 83' lang='lat' dir='ltr'>frigida</span> <span class='ocrx_word' id='word_1_27' title='bbox 1149 864 1289 901; x_wconf 82' lang='lat' dir='ltr'>parvas</span> 
     </span>
     <span class='ocr_line' id='line_1_8' title="bbox 93 880 1343 960; baseline 0.03 -48"><span class='ocrx_word' id='word_1_28' title='bbox 93 889 185 914; x_wconf 80' lang='lat' dir='ltr'>tuous</span> <span class='ocrx_word' id='word_1_29' title='bbox 201 886 232 915; x_wconf 92' lang='lat' dir='ltr'>in</span> <span class='ocrx_word' id='word_1_30' title='bbox 290 880 505 924; x_wconf 87' lang='lat' dir='ltr'>Praeberet</span> <span class='ocrx_word' id='word_1_31' title='bbox 527 887 716 938; x_wconf 79' lang='lat' dir='ltr'>spelunea</span> <span class='ocrx_word' id='word_1_32' title='bbox 736 892 884 944; x_wconf 87' lang='lat' dir='ltr'>domos,</span> <span class='ocrx_word' id='word_1_33' title='bbox 907 898 1121 955; x_wconf 81' lang='lat' dir='ltr'>ignemque</span> <span class='ocrx_word' id='word_1_34' title='bbox 1142 906 1343 960; x_wconf 80' lang='lat' dir='ltr'>laremque</span> 
     </span>
     <span class='ocr_line' id='line_1_9' title="bbox 91 923 1378 1005; baseline 0.029 -36"><span class='ocrx_word' id='word_1_35' title='bbox 91 923 145 954; x_wconf 82' lang='lat' dir='ltr'>the</span> <span class='ocrx_word' id='word_1_36' title='bbox 156 925 270 981; x_wconf 57' lang='lat' dir='ltr'>golden</span> <span class='ocrx_word' id='word_1_37' title='bbox 286 938 344 976; x_wconf 88' lang='lat' dir='ltr'>Et</span> <span class='ocrx_word' id='word_1_38' title='bbox 364 952 484 990; x_wconf 90' lang='lat' dir='ltr'>pecus</span> <span class='ocrx_word' id='word_1_39' title='bbox 505 945 545 980; x_wconf 84' lang='lat' dir='ltr'>et</span> <span class='ocrx_word' id='word_1_40' title='bbox 566 943 745 985; x_wconf 84' lang='lat' dir='ltr'>dominos</span> <span class='ocrx_word' id='word_1_41' title='bbox 766 955 968 993; x_wconf 88' lang='lat' dir='ltr'>communi</span> <span class='ocrx_word' id='word_1_42' title='bbox 988 957 1189 1000; x_wconf 79' lang='lat' dir='ltr'>clauderet</span> <span class='ocrx_word' id='word_1_43' title='bbox 1213 967 1353 1005; x_wconf 82' lang='lat' dir='ltr'>umbra</span> <span class='ocrx_word' id='word_1_44' title='bbox 1370 983 1378 1004; x_wconf 90' lang='lat'>:</span> 
     </span>
     <span class='ocr_line' id='line_1_10' title="bbox 89 973 1395 1062; baseline 0.029 -38"><span class='ocrx_word' id='word_1_45' title='bbox 89 973 143 1004; x_wconf 65' lang='lat'>³3⁶</span> <span class='ocrx_word' id='word_1_46' title='bbox 156 987 164 1001; x_wconf 88' lang='lat'>’</span> <span class='ocrx_word' id='word_1_47' title='bbox 287 993 520 1035; x_wconf 83' lang='lat' dir='ltr'>Silvestrem</span> <span class='ocrx_word' id='word_1_48' title='bbox 540 1008 731 1041; x_wconf 79' lang='lat' dir='ltr'>montana</span> <span class='ocrx_word' id='word_1_49' title='bbox 752 1008 885 1046; x_wconf 89' lang='lat' dir='ltr'>torum</span> <span class='ocrx_word' id='word_1_50' title='bbox 909 1024 1032 1062; x_wconf 88' lang='lat' dir='ltr'>quum</span> <span class='ocrx_word' id='word_1_51' title='bbox 1054 1020 1248 1057; x_wconf 76' lang='lat' dir='ltr'>sterneret</span> <span class='ocrx_word' id='word_1_52' title='bbox 1263 1034 1362 1060; x_wconf 74' lang='lat' dir='ltr'>uxor</span> <span class='ocrx_word' id='word_1_53' title='bbox 1377 1033 1395 1062; x_wconf 86' lang='lat'>5</span> 
     </span>
     <span class='ocr_line' id='line_1_11' title="bbox 283 1049 1237 1120; baseline 0.029 -34"><span class='ocrx_word' id='word_1_54' title='bbox 283 1049 510 1091; x_wconf 89' lang='lat' dir='ltr'>Frondibus</span> <span class='ocrx_word' id='word_1_55' title='bbox 531 1057 572 1092; x_wconf 83' lang='lat' dir='ltr'>et</span> <span class='ocrx_word' id='word_1_56' title='bbox 592 1056 722 1097; x_wconf 89' lang='lat' dir='ltr'>culmo</span> <span class='ocrx_word' id='word_1_57' title='bbox 744 1061 1047 1120; x_wconf 86' lang='lat' dir='ltr'>vicinarumque</span> <span class='ocrx_word' id='word_1_58' title='bbox 1068 1071 1237 1113; x_wconf 82' lang='lat' dir='ltr'>ferarum</span> 
     </span>
     <span class='ocr_line' id='line_1_12' title="bbox 282 1105 1375 1185; baseline 0.029 -43"><span class='ocrx_word' id='word_1_59' title='bbox 282 1105 473 1156; x_wconf 88' lang='lat' dir='ltr'>Pellibus,</span> <span class='ocrx_word' id='word_1_60' title='bbox 487 1109 593 1149; x_wconf 83' lang='lat' dir='ltr'>haud</span> <span class='ocrx_word' id='word_1_61' title='bbox 607 1112 747 1153; x_wconf 89' lang='lat' dir='ltr'>similis</span> <span class='ocrx_word' id='word_1_62' title='bbox 761 1118 848 1166; x_wconf 89' lang='lat' dir='ltr'>tibi,</span> <span class='ocrx_word' id='word_1_63' title='bbox 865 1120 1056 1173; x_wconf 83' lang='lat' dir='ltr'>Cynthia,</span> <span class='ocrx_word' id='word_1_64' title='bbox 1073 1142 1143 1168; x_wconf 89' lang='lat' dir='ltr'>nec</span> <span class='ocrx_word' id='word_1_65' title='bbox 1161 1131 1249 1178; x_wconf 88' lang='lat' dir='ltr'>tibi,</span> <span class='ocrx_word' id='word_1_66' title='bbox 1263 1133 1375 1185; x_wconf 87' lang='lat' dir='ltr'>cujus</span> 
     </span>
     <span class='ocr_line' id='line_1_13' title="bbox 281 1161 1223 1236; baseline 0.03 -38"><span class='ocrx_word' id='word_1_67' title='bbox 281 1161 479 1203; x_wconf 84' lang='lat' dir='ltr'>Turbavit</span> <span class='ocrx_word' id='word_1_68' title='bbox 500 1166 649 1207; x_wconf 89' lang='lat' dir='ltr'>nitidos</span> <span class='ocrx_word' id='word_1_69' title='bbox 670 1172 893 1214; x_wconf 83' lang='lat' dir='ltr'>exstinctus</span> <span class='ocrx_word' id='word_1_70' title='bbox 914 1191 1049 1229; x_wconf 79' lang='lat' dir='ltr'>passer</span> <span class='ocrx_word' id='word_1_71' title='bbox 1069 1186 1223 1236; x_wconf 72' lang='lat' dir='ltr'>ocellos,</span> 
     </span>
     <span class='ocr_line' id='line_1_14' title="bbox 281 1216 1279 1295; baseline 0.03 -41"><span class='ocrx_word' id='word_1_72' title='bbox 281 1216 358 1256; x_wconf 88' lang='lat' dir='ltr'>Sed</span> <span class='ocrx_word' id='word_1_73' title='bbox 378 1221 554 1270; x_wconf 83' lang='lat' dir='ltr'>potanda</span> <span class='ocrx_word' id='word_1_74' title='bbox 575 1223 702 1264; x_wconf 85' lang='lat' dir='ltr'>ferens</span> <span class='ocrx_word' id='word_1_75' title='bbox 722 1228 946 1272; x_wconf 85' lang='lat' dir='ltr'>infantibus</span> <span class='ocrx_word' id='word_1_76' title='bbox 967 1237 1089 1278; x_wconf 82' lang='lat' dir='ltr'>ubera</span> <span class='ocrx_word' id='word_1_77' title='bbox 1110 1244 1279 1295; x_wconf 82' lang='lat' dir='ltr'>magnis,</span> 
     </span>
     <span class='ocr_line' id='line_1_15' title="bbox 278 1273 1391 1342; baseline 0.029 -32"><span class='ocrx_word' id='word_1_78' title='bbox 278 1273 337 1312; x_wconf 90' lang='lat' dir='ltr'>Et</span> <span class='ocrx_word' id='word_1_79' title='bbox 358 1288 473 1327; x_wconf 85' lang='lat' dir='ltr'>saepe</span> <span class='ocrx_word' id='word_1_80' title='bbox 493 1277 689 1319; x_wconf 83' lang='lat' dir='ltr'>horridior</span> <span class='ocrx_word' id='word_1_81' title='bbox 707 1283 894 1334; x_wconf 85' lang='lat' dir='ltr'>glandem</span> <span class='ocrx_word' id='word_1_82' title='bbox 915 1296 1100 1334; x_wconf 74' lang='lat' dir='ltr'>ructante</span> <span class='ocrx_word' id='word_1_83' title='bbox 1120 1301 1276 1340; x_wconf 86' lang='lat' dir='ltr'>marito.</span> <span class='ocrx_word' id='word_1_84' title='bbox 1352 1311 1391 1342; x_wconf 81' lang='lat'>10</span> 
     </span>
     <span class='ocr_line' id='line_1_16' title="bbox 279 1329 1308 1403; baseline 0.031 -38"><span class='ocrx_word' id='word_1_85' title='bbox 279 1329 436 1381; x_wconf 77' lang='lat' dir='ltr'>Quippe</span> <span class='ocrx_word' id='word_1_86' title='bbox 457 1332 575 1372; x_wconf 84' lang='lat' dir='ltr'>aliter</span> <span class='ocrx_word' id='word_1_87' title='bbox 593 1338 690 1375; x_wconf 89' lang='lat' dir='ltr'>tunc</span> <span class='ocrx_word' id='word_1_88' title='bbox 713 1340 804 1379; x_wconf 90' lang='lat' dir='ltr'>orbe</span> <span class='ocrx_word' id='word_1_89' title='bbox 825 1356 929 1384; x_wconf 88' lang='lat' dir='ltr'>novo</span> <span class='ocrx_word' id='word_1_90' title='bbox 951 1349 1138 1403; x_wconf 90' lang='lat' dir='ltr'>coeloque</span> <span class='ocrx_word' id='word_1_91' title='bbox 1158 1358 1308 1397; x_wconf 88' lang='lat' dir='ltr'>recenti</span> 
     </span>
     <span class='ocr_line' id='line_1_17' title="bbox 277 1385 1189 1450; baseline 0.031 -29"><span class='ocrx_word' id='word_1_92' title='bbox 277 1385 481 1426; x_wconf 64' lang='lat' dir='ltr'>vivebant</span> <span class='ocrx_word' id='word_1_93' title='bbox 503 1388 694 1441; x_wconf 89' lang='lat' dir='ltr'>homines,</span> <span class='ocrx_word' id='word_1_94' title='bbox 716 1396 783 1446; x_wconf 89' lang='lat' dir='ltr'>qui</span> <span class='ocrx_word' id='word_1_95' title='bbox 803 1404 925 1450; x_wconf 86' lang='lat' dir='ltr'>rupto</span> <span class='ocrx_word' id='word_1_96' title='bbox 944 1404 1083 1445; x_wconf 85' lang='lat' dir='ltr'>robore</span> <span class='ocrx_word' id='word_1_97' title='bbox 1103 1411 1189 1448; x_wconf 86' lang='lat' dir='ltr'>nati</span> 
     </span>
     <span class='ocr_line' id='line_1_18' title="bbox 277 1441 1218 1512; baseline 0.032 -36"><span class='ocrx_word' id='word_1_98' title='bbox 277 1441 550 1493; x_wconf 86' lang='lat' dir='ltr'>Compositive</span> <span class='ocrx_word' id='word_1_99' title='bbox 569 1445 656 1486; x_wconf 89' lang='lat' dir='ltr'>luto</span> <span class='ocrx_word' id='word_1_100' title='bbox 677 1450 808 1490; x_wconf 85' lang='lat' dir='ltr'>nullos</span> <span class='ocrx_word' id='word_1_101' title='bbox 829 1454 1001 1497; x_wconf 83' lang='lat' dir='ltr'>habuere</span> <span class='ocrx_word' id='word_1_102' title='bbox 1021 1469 1218 1512; x_wconf 86' lang='lat' dir='ltr'>parentes.</span> 
     </span>
     <span class='ocr_line' id='line_1_19' title="bbox 81 1489 1180 1569; baseline 0.032 -44"><span class='ocrx_word' id='word_1_103' title='bbox 81 1489 193 1538; x_wconf 66' lang='lat' dir='ltr'>hardly</span> <span class='ocrx_word' id='word_1_104' title='bbox 209 1491 240 1522; x_wconf 86' lang='lat' dir='ltr'>in</span> <span class='ocrx_word' id='word_1_105' title='bbox 277 1496 414 1536; x_wconf 83' lang='lat' dir='ltr'>Multa</span> <span class='ocrx_word' id='word_1_106' title='bbox 433 1500 649 1550; x_wconf 87' lang='lat' dir='ltr'>pudicitiae</span> <span class='ocrx_word' id='word_1_107' title='bbox 670 1507 816 1546; x_wconf 87' lang='lat' dir='ltr'>veteris</span> <span class='ocrx_word' id='word_1_108' title='bbox 838 1513 1011 1564; x_wconf 84' lang='lat' dir='ltr'>vestigia</span> <span class='ocrx_word' id='word_1_109' title='bbox 1031 1517 1180 1569; x_wconf 81' lang='lat' dir='ltr'>forsan,</span> 
     </span>
     <span class='ocr_line' id='line_1_20' title="bbox 80 1530 1385 1624; baseline 0.031 -41"><span class='ocrx_word' id='word_1_110' title='bbox 80 1530 133 1561; x_wconf 62' lang='lat'>²¹¹²</span> <span class='ocrx_word' id='word_1_111' title='bbox 148 1531 251 1564; x_wconf 68' lang='lat' dir='ltr'>suver.</span> <span class='ocrx_word' id='word_1_112' title='bbox 273 1553 360 1592; x_wconf 87' lang='lat' dir='ltr'>Aut</span> <span class='ocrx_word' id='word_1_113' title='bbox 393 1554 536 1607; x_wconf 84' lang='lat' dir='ltr'>aliqua,</span> <span class='ocrx_word' id='word_1_114' title='bbox 554 1559 783 1601; x_wconf 80' lang='lat' dir='ltr'>exstiterint</span> <span class='ocrx_word' id='word_1_115' title='bbox 818 1569 858 1604; x_wconf 83' lang='lat' dir='ltr'>et</span> <span class='ocrx_word' id='word_1_116' title='bbox 893 1569 968 1607; x_wconf 89' lang='lat' dir='ltr'>sub</span> <span class='ocrx_word' id='word_1_117' title='bbox 1001 1571 1109 1613; x_wconf 85' lang='lat' dir='ltr'>Jove</span> <span class='ocrx_word' id='word_1_118' title='bbox 1126 1593 1136 1624; x_wconf 89' lang='lat'>;</span> <span class='ocrx_word' id='word_1_119' title='bbox 1179 1579 1247 1618; x_wconf 86' lang='lat' dir='ltr'>sed</span> <span class='ocrx_word' id='word_1_120' title='bbox 1279 1581 1385 1623; x_wconf 81' lang='lat' dir='ltr'>Jove</span> 
     </span>
     <span class='ocr_line' id='line_1_21' title="bbox 383 1611 1384 1679; baseline 0.032 -32"><span class='ocrx_word' id='word_1_121' title='bbox 383 1611 563 1651; x_wconf 86' lang='lat' dir='ltr'>nondum</span> <span class='ocrx_word' id='word_1_122' title='bbox 1342 1649 1384 1679; x_wconf 87' lang='lat'>15</span> 
     </span>
     <span class='ocr_line' id='line_1_22' title="bbox 270 1663 1162 1734; baseline 0.028 -33"><span class='ocrx_word' id='word_1_123' title='bbox 270 1663 460 1714; x_wconf 76' lang='lat' dir='ltr'>Bai-bato,</span> <span class='ocrx_word' id='word_1_124' title='bbox 482 1669 659 1709; x_wconf 90' lang='lat' dir='ltr'>nondum</span> <span class='ocrx_word' id='word_1_125' title='bbox 681 1672 843 1714; x_wconf 84' lang='lat' dir='ltr'>Graecis</span> <span class='ocrx_word' id='word_1_126' title='bbox 857 1677 991 1728; x_wconf 85' lang='lat' dir='ltr'>jurare</span> <span class='ocrx_word' id='word_1_127' title='bbox 1011 1686 1162 1734; x_wconf 86' lang='lat' dir='ltr'>paratis</span> 
     </span>
     <span class='ocr_line' id='line_1_23' title="bbox 267 1718 1289 1787; baseline 0.03 -31"><span class='ocrx_word' id='word_1_128' title='bbox 267 1718 344 1759; x_wconf 89' lang='lat' dir='ltr'>Per</span> <span class='ocrx_word' id='word_1_129' title='bbox 363 1728 484 1773; x_wconf 85' lang='lat' dir='ltr'>caput</span> <span class='ocrx_word' id='word_1_130' title='bbox 506 1724 681 1776; x_wconf 86' lang='lat' dir='ltr'>alterius,</span> <span class='ocrx_word' id='word_1_131' title='bbox 703 1743 827 1781; x_wconf 88' lang='lat' dir='ltr'>quum</span> <span class='ocrx_word' id='word_1_132' title='bbox 848 1735 976 1775; x_wconf 86' lang='lat' dir='ltr'>furem</span> <span class='ocrx_word' id='word_1_133' title='bbox 993 1752 1109 1780; x_wconf 88' lang='lat' dir='ltr'>nemo</span> <span class='ocrx_word' id='word_1_134' title='bbox 1129 1743 1289 1787; x_wconf 87' lang='lat' dir='ltr'>timeret</span> 
     </span>
     <span class='ocr_line' id='line_1_24' title="bbox 116 1798 1379 1865; baseline 0.029 -37"><span class='ocrx_word' id='word_1_135' title='bbox 116 1798 241 1841; x_wconf 81' lang='lat'>1—28.]</span> <span class='ocrx_word' id='word_1_136' title='bbox 266 1803 312 1832; x_wconf 89' lang='lat' dir='ltr'>“I</span> <span class='ocrx_word' id='word_1_137' title='bbox 327 1803 421 1834; x_wconf 87' lang='lat' dir='ltr'>think</span> <span class='ocrx_word' id='word_1_138' title='bbox 436 1805 462 1834; x_wconf 89' lang='lat' dir='ltr'>it</span> <span class='ocrx_word' id='word_1_139' title='bbox 482 1807 615 1845; x_wconf 84' lang='lat' dir='ltr'>possible</span> <span class='ocrx_word' id='word_1_140' title='bbox 638 1809 705 1840; x_wconf 87' lang='lat' dir='ltr'>that</span> <span class='ocrx_word' id='word_1_141' title='bbox 747 1812 915 1846; x_wconf 86' lang='lat' dir='ltr'>Passeris&#39;&#39;</span> <span class='ocrx_word' id='word_1_142' title='bbox 958 1819 1045 1859; x_wconf 84' lang='lat' dir='ltr'>(Cat.</span> <span class='ocrx_word' id='word_1_143' title='bbox 1074 1824 1133 1856; x_wconf 91' lang='lat' dir='ltr'>Od.</span> <span class='ocrx_word' id='word_1_144' title='bbox 1160 1827 1206 1859; x_wconf 88' lang='lat' dir='ltr'>iii.</span> <span class='ocrx_word' id='word_1_145' title='bbox 1236 1829 1296 1862; x_wconf 82' lang='lat' dir='ltr'>last</span> <span class='ocrx_word' id='word_1_146' title='bbox 1319 1838 1379 1865; x_wconf 84' lang='lat' dir='ltr'>two</span> 
     </span>
     <span class='ocr_line' id='line_1_25' title="bbox 73 1839 894 1894; baseline 0.021 -25"><span class='ocrx_word' id='word_1_147' title='bbox 73 1839 107 1869; x_wconf 88' lang='lat' dir='ltr'>in</span> <span class='ocrx_word' id='word_1_148' title='bbox 123 1839 176 1871; x_wconf 82' lang='lat' dir='ltr'>the</span> <span class='ocrx_word' id='word_1_149' title='bbox 189 1842 302 1881; x_wconf 85' lang='lat' dir='ltr'>golden</span> <span class='ocrx_word' id='word_1_150' title='bbox 317 1855 370 1883; x_wconf 87' lang='lat' dir='ltr'>age</span> <span class='ocrx_word' id='word_1_151' title='bbox 387 1844 519 1885; x_wconf 84' lang='lat'><strong>(1—13)</strong></span> <span class='ocrx_word' id='word_1_152' title='bbox 538 1847 623 1879; x_wconf 86' lang='lat' dir='ltr'>there</span> <span class='ocrx_word' id='word_1_153' title='bbox 640 1860 704 1882; x_wconf 80' lang='lat' dir='ltr'>was</span> <span class='ocrx_word' id='word_1_154' title='bbox 745 1851 894 1894; x_wconf 83' lang='lat' dir='ltr'>lines),—</span> 
     </span>
    </p>
   </div>
   <div class='ocr_carea' id='block_1_7' title="bbox 70 1880 1324 1989">
    <p class='ocr_par' dir='ltr' id='par_1_7' title="bbox 70 1880 1324 1989">
     <span class='ocr_line' id='line_1_26' title="bbox 71 1880 702 1922; baseline 0.019 -13"><span class='ocrx_word' id='word_1_155' title='bbox 71 1880 148 1910; x_wconf 78' lang='lat' dir='ltr'>such</span> <span class='ocrx_word' id='word_1_156' title='bbox 159 1891 177 1911; x_wconf 90' lang='lat' dir='ltr'><strong>a</strong></span> <span class='ocrx_word' id='word_1_157' title='bbox 187 1882 276 1922; x_wconf 85' lang='lat' dir='ltr'>thing</span> <span class='ocrx_word' id='word_1_158' title='bbox 289 1894 321 1914; x_wconf 84' lang='lat' dir='ltr'>as</span> <span class='ocrx_word' id='word_1_159' title='bbox 335 1885 449 1916; x_wconf 87' lang='lat' dir='ltr'>female</span> <span class='ocrx_word' id='word_1_160' title='bbox 464 1887 573 1918; x_wconf 82' lang='lat' dir='ltr'>virtue.</span> <span class='ocrx_word' id='word_1_161' title='bbox 612 1890 702 1922; x_wconf 90' lang='lat' dir='ltr'>Even</span> 
     </span>
     <span class='ocr_line' id='line_1_27' title="bbox 70 1920 1324 1989; baseline 0.025 -40"><span class='ocrx_word' id='word_1_162' title='bbox 70 1920 104 1949; x_wconf 91' lang='lat' dir='ltr'>in</span> <span class='ocrx_word' id='word_1_163' title='bbox 134 1920 186 1952; x_wconf 87' lang='lat' dir='ltr'>the</span> <span class='ocrx_word' id='word_1_164' title='bbox 215 1923 310 1954; x_wconf 88' lang='lat' dir='ltr'>silver</span> <span class='ocrx_word' id='word_1_165' title='bbox 338 1924 488 1965; x_wconf 75' lang='lat'>(14-24)</span> <span class='ocrx_word' id='word_1_166' title='bbox 519 1930 542 1958; x_wconf 89' lang='lat' dir='ltr'>it</span> <span class='ocrx_word' id='word_1_167' title='bbox 564 1929 623 1959; x_wconf 86' lang='lat' dir='ltr'>had</span> <span class='ocrx_word' id='word_1_168' title='bbox 646 1938 701 1962; x_wconf 86' lang='lat' dir='ltr'>not</span> <span class='ocrx_word' id='word_1_169' title='bbox 783 1935 881 1967; x_wconf 88' lang='lat' dir='ltr'>“Tua</span> <span class='ocrx_word' id='word_1_170' title='bbox 895 1949 979 1971; x_wconf 90' lang='lat' dir='ltr'>nunc</span> <span class='ocrx_word' id='word_1_171' title='bbox 995 1953 1085 1982; x_wconf 88' lang='lat' dir='ltr'>opera</span> <span class='ocrx_word' id='word_1_172' title='bbox 1101 1956 1187 1978; x_wconf 84' lang='lat' dir='ltr'>meae</span> <span class='ocrx_word' id='word_1_173' title='bbox 1202 1952 1324 1989; x_wconf 81' lang='lat' dir='ltr'>puellae</span> 
     </span>
    </p>
   </div>
   <div class='ocr_carea' id='block_1_8' title="bbox 68 1961 1377 2107">
    <p class='ocr_par' dir='ltr' id='par_1_8' title="bbox 68 1961 1377 2107">
     <span class='ocr_line' id='line_1_28' title="bbox 70 1961 1377 2027; baseline 0.029 -38"><span class='ocrx_word' id='word_1_174' title='bbox 70 1961 158 1998; x_wconf 84' lang='lat' dir='ltr'>quite</span> <span class='ocrx_word' id='word_1_175' title='bbox 180 1963 333 2002; x_wconf 81' lang='lat' dir='ltr'>departed.</span> <span class='ocrx_word' id='word_1_176' title='bbox 378 1966 442 1997; x_wconf 87' lang='lat' dir='ltr'>But</span> <span class='ocrx_word' id='word_1_177' title='bbox 466 1978 534 1997; x_wconf 80' lang='lat' dir='ltr'>now</span> <span class='ocrx_word' id='word_1_178' title='bbox 549 1969 700 2011; x_wconf 76' lang='lat'>(25-28)</span> <span class='ocrx_word' id='word_1_179' title='bbox 814 1976 935 2010; x_wconf 88' lang='lat' dir='ltr'>Flendo</span> <span class='ocrx_word' id='word_1_180' title='bbox 951 1985 1105 2022; x_wconf 86' lang='lat' dir='ltr'>turgiduli</span> <span class='ocrx_word' id='word_1_181' title='bbox 1122 1990 1235 2022; x_wconf 79' lang='lat' dir='ltr'>iubent</span> <span class='ocrx_word' id='word_1_182' title='bbox 1249 1994 1377 2027; x_wconf 86' lang='lat' dir='ltr'>ocelli.&#39;&#39;</span> 
     </span>
     <span class='ocr_line' id='line_1_29' title="bbox 69 2000 699 2049; baseline 0.022 -20"><span class='ocrx_word' id='word_1_183' title='bbox 69 2000 109 2030; x_wconf 91' lang='lat' dir='ltr'>do</span> <span class='ocrx_word' id='word_1_184' title='bbox 132 2011 194 2040; x_wconf 88' lang='lat' dir='ltr'>you</span> <span class='ocrx_word' id='word_1_185' title='bbox 226 2003 318 2034; x_wconf 91' lang='lat' dir='ltr'>think</span> <span class='ocrx_word' id='word_1_186' title='bbox 341 2006 377 2036; x_wconf 87' lang='lat' dir='ltr'>of</span> <span class='ocrx_word' id='word_1_187' title='bbox 400 2010 557 2049; x_wconf 84' lang='lat' dir='ltr'>marrying</span> <span class='ocrx_word' id='word_1_188' title='bbox 568 2011 699 2043; x_wconf 77' lang='lat' dir='ltr'>?—Y0u</span> 
     </span>
     <span class='ocr_line' id='line_1_30' title="bbox 68 2043 1373 2107; baseline 0.028 -37"><span class='ocrx_word' id='word_1_189' title='bbox 68 2045 148 2071; x_wconf 74' lang='lat' dir='ltr'>must</span> <span class='ocrx_word' id='word_1_190' title='bbox 163 2043 199 2073; x_wconf 88' lang='lat' dir='ltr'>be</span> <span class='ocrx_word' id='word_1_191' title='bbox 214 2045 316 2075; x_wconf 85' lang='lat' dir='ltr'>mad.”</span> <span class='ocrx_word' id='word_1_192' title='bbox 782 2054 831 2094; x_wconf 81' lang='lat'>12,</span> <span class='ocrx_word' id='word_1_193' title='bbox 874 2058 941 2099; x_wconf 65' lang='lat'>13]</span> <span class='ocrx_word' id='word_1_194' title='bbox 987 2063 1028 2093; x_wconf 90' lang='lat' dir='ltr'>So</span> <span class='ocrx_word' id='word_1_195' title='bbox 1066 2065 1152 2107; x_wconf 81' lang='lat' dir='ltr'>Virg.</span> <span class='ocrx_word' id='word_1_196' title='bbox 1189 2072 1271 2103; x_wconf 88' lang='lat' dir='ltr'>Aen.</span> <span class='ocrx_word' id='word_1_197' title='bbox 1308 2076 1373 2107; x_wconf 76' lang='lat' dir='ltr'>viii.</span> 
     </span>
    </p>
   </div>
   <div class='ocr_carea' id='block_1_9' title="bbox 68 2080 1375 2175">
    <p class='ocr_par' dir='ltr' id='par_1_9' title="bbox 68 2080 1375 2175">
     <span class='ocr_line' id='line_1_31' title="bbox 111 2080 1375 2153; baseline 0.03 -43"><span class='ocrx_word' id='word_1_198' title='bbox 111 2080 137 2111; x_wconf 91' lang='lat' dir='ltr'>l.</span> <span class='ocrx_word' id='word_1_199' title='bbox 160 2082 226 2113; x_wconf 80' lang='lat' dir='ltr'>Sat.</span> <span class='ocrx_word' id='word_1_200' title='bbox 253 2085 334 2124; x_wconf 76' lang='lat' dir='ltr'>reye]</span> <span class='ocrx_word' id='word_1_201' title='bbox 367 2086 405 2116; x_wconf 92' lang='lat' dir='ltr'>In</span> <span class='ocrx_word' id='word_1_202' title='bbox 427 2088 480 2118; x_wconf 87' lang='lat' dir='ltr'>the</span> <span class='ocrx_word' id='word_1_203' title='bbox 500 2089 612 2128; x_wconf 86' lang='lat' dir='ltr'>golden</span> <span class='ocrx_word' id='word_1_204' title='bbox 634 2103 696 2132; x_wconf 82' lang='lat' dir='ltr'>age.</span> <span class='ocrx_word' id='word_1_205' title='bbox 741 2094 809 2126; x_wconf 86' lang='lat'>315.</span> <span class='ocrx_word' id='word_1_206' title='bbox 844 2099 1022 2142; x_wconf 88' lang='lat' dir='ltr'>“Gensque</span> <span class='ocrx_word' id='word_1_207' title='bbox 1054 2108 1160 2140; x_wconf 85' lang='lat' dir='ltr'>virum</span> <span class='ocrx_word' id='word_1_208' title='bbox 1190 2115 1321 2153; x_wconf 81' lang='lat' dir='ltr'>truncis,</span> <span class='ocrx_word' id='word_1_209' title='bbox 1343 2123 1375 2147; x_wconf 85' lang='lat' dir='ltr'>et</span> 
     </span>
     <span class='ocr_line' id='line_1_32' title="bbox 68 2120 1060 2175; baseline 0.025 -25"><span class='ocrx_word' id='word_1_210' title='bbox 68 2120 153 2161; x_wconf 82' lang='lat' dir='ltr'>Virg.</span> <span class='ocrx_word' id='word_1_211' title='bbox 178 2125 260 2154; x_wconf 86' lang='lat' dir='ltr'>Aen.</span> <span class='ocrx_word' id='word_1_212' title='bbox 277 2126 339 2157; x_wconf 87' lang='lat' dir='ltr'>viii.</span> <span class='ocrx_word' id='word_1_213' title='bbox 367 2126 436 2166; x_wconf 79' lang='lat'>324,</span> <span class='ocrx_word' id='word_1_214' title='bbox 462 2130 596 2161; x_wconf 88' lang='lat' dir='ltr'>“Aurea</span> <span class='ocrx_word' id='word_1_215' title='bbox 620 2143 699 2172; x_wconf 85' lang='lat' dir='ltr'>quae</span> <span class='ocrx_word' id='word_1_216' title='bbox 739 2137 816 2166; x_wconf 89' lang='lat' dir='ltr'>duro</span> <span class='ocrx_word' id='word_1_217' title='bbox 831 2139 940 2172; x_wconf 80' lang='lat' dir='ltr'>robore</span> <span class='ocrx_word' id='word_1_218' title='bbox 954 2145 1060 2175; x_wconf 78' lang='lat' dir='ltr'>nata.&#39;&#39;</span> 
     </span>
    </p>
   </div>
   <div class='ocr_carea' id='block_1_10' title="bbox 64 2162 1371 2348">
    <p class='ocr_par' dir='ltr' id='par_1_10' title="bbox 66 2162 1370 2252">
     <span class='ocr_line' id='line_1_33' title="bbox 66 2162 1370 2229; baseline 0.029 -39"><span class='ocrx_word' id='word_1_219' title='bbox 66 2162 241 2201; x_wconf 85' lang='lat' dir='ltr'>perhibent,</span> <span class='ocrx_word' id='word_1_220' title='bbox 257 2164 312 2195; x_wconf 89' lang='lat' dir='ltr'>illo</span> <span class='ocrx_word' id='word_1_221' title='bbox 328 2168 385 2197; x_wconf 87' lang='lat' dir='ltr'>sub</span> <span class='ocrx_word' id='word_1_222' title='bbox 400 2179 469 2207; x_wconf 86' lang='lat' dir='ltr'>rege</span> <span class='ocrx_word' id='word_1_223' title='bbox 483 2170 614 2202; x_wconf 87' lang='lat' dir='ltr'>fuerunt</span> <span class='ocrx_word' id='word_1_224' title='bbox 635 2184 699 2204; x_wconf 83' lang='lat' dir='ltr'>sae-</span> <span class='ocrx_word' id='word_1_225' title='bbox 782 2176 827 2208; x_wconf 89' lang='lat'>13.</span> <span class='ocrx_word' id='word_1_226' title='bbox 853 2179 1055 2221; x_wconf 76' lang='lat' dir='ltr'>Compositive</span> <span class='ocrx_word' id='word_1_227' title='bbox 1069 2186 1147 2229; x_wconf 79' lang='lat' dir='ltr'><em>lato]</em></span> <span class='ocrx_word' id='word_1_228' title='bbox 1168 2191 1227 2222; x_wconf 84' lang='lat' dir='ltr'>See</span> <span class='ocrx_word' id='word_1_229' title='bbox 1242 2201 1316 2226; x_wconf 83' lang='lat' dir='ltr'>note</span> <span class='ocrx_word' id='word_1_230' title='bbox 1331 2208 1370 2227; x_wconf 91' lang='lat' dir='ltr'>on</span> 
     </span>
     <span class='ocr_line' id='line_1_34' title="bbox 67 2201 946 2252; baseline 0.023 -21"><span class='ocrx_word' id='word_1_231' title='bbox 67 2201 139 2233; x_wconf 85' lang='lat' dir='ltr'>cula</span> <span class='ocrx_word' id='word_1_232' title='bbox 150 2203 169 2216; x_wconf 89' lang='lat'>&#39;&#39;</span> <span class='ocrx_word' id='word_1_233' title='bbox 186 2205 265 2242; x_wconf 84' lang='lat' dir='ltr'>(scil.</span> <span class='ocrx_word' id='word_1_234' title='bbox 283 2205 433 2238; x_wconf 89' lang='lat' dir='ltr'>‘Saturno</span> <span class='ocrx_word' id='word_1_235' title='bbox 443 2209 482 2248; x_wconf 79' lang='lat'>³).</span> <span class='ocrx_word' id='word_1_236' title='bbox 738 2215 802 2247; x_wconf 87' lang='lat' dir='ltr'>Sat.</span> <span class='ocrx_word' id='word_1_237' title='bbox 820 2219 861 2250; x_wconf 90' lang='lat' dir='ltr'>iv.</span> <span class='ocrx_word' id='word_1_238' title='bbox 879 2219 946 2252; x_wconf 83' lang='lat'><strong>133.</strong></span> 
     </span>
    </p>

    <p class='ocr_par' dir='ltr' id='par_1_11' title="bbox 64 2243 1371 2348">
     <span class='ocr_line' id='line_1_35' title="bbox 107 2243 1316 2315; baseline 0.028 -43"><span class='ocrx_word' id='word_1_239' title='bbox 107 2244 136 2273; x_wconf 87' lang='lat'>7.</span> <span class='ocrx_word' id='word_1_240' title='bbox 159 2243 312 2285; x_wconf 74' lang='lat' dir='ltr'>Cynthia]</span> <span class='ocrx_word' id='word_1_241' title='bbox 347 2247 490 2281; x_wconf 85' lang='lat' dir='ltr'>Mistress</span> <span class='ocrx_word' id='word_1_242' title='bbox 516 2252 552 2282; x_wconf 90' lang='lat' dir='ltr'>of</span> <span class='ocrx_word' id='word_1_243' title='bbox 570 2252 701 2294; x_wconf 79' lang='lat' dir='ltr'>Proper·</span> <span class='ocrx_word' id='word_1_244' title='bbox 785 2257 830 2289; x_wconf 85' lang='lat'>15.</span> <span class='ocrx_word' id='word_1_245' title='bbox 853 2261 905 2290; x_wconf 75' lang='lat' dir='ltr'>sub</span> <span class='ocrx_word' id='word_1_246' title='bbox 918 2263 1011 2304; x_wconf 81' lang='lat' dir='ltr'>Jove]</span> <span class='ocrx_word' id='word_1_247' title='bbox 1027 2267 1057 2296; x_wconf 92' lang='lat' dir='ltr'>in</span> <span class='ocrx_word' id='word_1_248' title='bbox 1074 2268 1128 2299; x_wconf 88' lang='lat' dir='ltr'>the</span> <span class='ocrx_word' id='word_1_249' title='bbox 1143 2271 1239 2303; x_wconf 82' lang='lat' dir='ltr'>silver</span> <span class='ocrx_word' id='word_1_250' title='bbox 1252 2285 1316 2315; x_wconf 81' lang='lat' dir='ltr'>age.</span> 
     </span>
     <span class='ocr_line' id='line_1_36' title="bbox 64 2282 1371 2348; baseline 0.028 -36"><span class='ocrx_word' id='word_1_251' title='bbox 64 2282 137 2314; x_wconf 79' lang='lat' dir='ltr'>tius.</span> <span class='ocrx_word' id='word_1_252' title='bbox 784 2297 926 2342; x_wconf 84' lang='lat'>16—18.]</span> <span class='ocrx_word' id='word_1_253' title='bbox 946 2304 1059 2337; x_wconf 75' lang='lat' dir='ltr'>Before</span> <span class='ocrx_word' id='word_1_254' title='bbox 1075 2309 1161 2341; x_wconf 88' lang='lat' dir='ltr'>there</span> <span class='ocrx_word' id='word_1_255' title='bbox 1177 2322 1255 2344; x_wconf 84' lang='lat' dir='ltr'>were</span> <span class='ocrx_word' id='word_1_256' title='bbox 1270 2317 1371 2348; x_wconf 87' lang='lat' dir='ltr'>either</span> 
     </span>
    </p>
   </div>
   <div class='ocr_carea' id='block_1_11' title="bbox 64 2322 1366 2434">
    <p class='ocr_par' dir='ltr' id='par_1_12' title="bbox 64 2322 1366 2434">
     <span class='ocr_line' id='line_1_37' title="bbox 107 2322 1085 2378; baseline 0.026 -25"><span class='ocrx_word' id='word_1_257' title='bbox 107 2322 171 2364; x_wconf 92' lang='grc'><strong>11.]</strong></span> <span class='ocrx_word' id='word_1_258' title='bbox 192 2325 313 2363; x_wconf 85' lang='lat' dir='ltr'>Lesbia,</span> <span class='ocrx_word' id='word_1_259' title='bbox 333 2329 470 2360; x_wconf 81' lang='lat' dir='ltr'>mistress</span> <span class='ocrx_word' id='word_1_260' title='bbox 488 2331 524 2361; x_wconf 91' lang='lat' dir='ltr'>of</span> <span class='ocrx_word' id='word_1_261' title='bbox 541 2331 696 2366; x_wconf 83' lang='lat' dir='ltr'>Catullus.</span> <span class='ocrx_word' id='word_1_262' title='bbox 739 2340 893 2378; x_wconf 83' lang='lat' dir='ltr'>perjurers</span> <span class='ocrx_word' id='word_1_263' title='bbox 908 2354 942 2373; x_wconf 94' lang='lat' dir='ltr'>or</span> <span class='ocrx_word' id='word_1_264' title='bbox 957 2346 1085 2378; x_wconf 76' lang='lat' dir='ltr'>thieves.</span> 
     </span>
     <span class='ocr_line' id='line_1_38' title="bbox 64 2362 1366 2434; baseline 0.028 -41"><span class='ocrx_word' id='word_1_265' title='bbox 64 2362 124 2394; x_wconf 85' lang='lat' dir='ltr'>See</span> <span class='ocrx_word' id='word_1_266' title='bbox 141 2366 192 2396; x_wconf 80' lang='lat' dir='ltr'>the</span> <span class='ocrx_word' id='word_1_267' title='bbox 208 2366 409 2400; x_wconf 86' lang='lat' dir='ltr'>well-known</span> <span class='ocrx_word' id='word_1_268' title='bbox 425 2370 504 2410; x_wconf 86' lang='lat' dir='ltr'>Ode,</span> <span class='ocrx_word' id='word_1_269' title='bbox 521 2374 540 2388; x_wconf 89' lang='lat'>“</span> <span class='ocrx_word' id='word_1_270' title='bbox 551 2372 589 2403; x_wconf 87' lang='lat' dir='ltr'>ln</span> <span class='ocrx_word' id='word_1_271' title='bbox 601 2375 696 2407; x_wconf 82' lang='lat' dir='ltr'>funus</span> <span class='ocrx_word' id='word_1_272' title='bbox 780 2378 826 2416; x_wconf 88' lang='grc'>17.</span> <span class='ocrx_word' id='word_1_273' title='bbox 843 2391 905 2421; x_wconf 81' lang='lat' dir='ltr'>per</span> <span class='ocrx_word' id='word_1_274' title='bbox 917 2390 1008 2425; x_wconf 79' lang='lat' dir='ltr'>caput</span> <span class='ocrx_word' id='word_1_275' title='bbox 1022 2388 1092 2428; x_wconf 65' lang='lat' dir='ltr'>alt]</span> <span class='ocrx_word' id='word_1_276' title='bbox 1115 2390 1163 2422; x_wconf 85' lang='lat' dir='ltr'>Cf.</span> <span class='ocrx_word' id='word_1_277' title='bbox 1182 2393 1267 2434; x_wconf 85' lang='lat' dir='ltr'>Virg.</span> <span class='ocrx_word' id='word_1_278' title='bbox 1286 2397 1366 2429; x_wconf 86' lang='lat' dir='ltr'>Aen.</span> 
     </span>
    </p>
   </div>
  </div>
 </body>
</html>
